@article{bhattacharya2015,
    AUTHOR = {Bhattacharya, Anirban and Pati, Debdeep and Pillai, Natesh S.
              and Dunson, David B.},
     TITLE = {Dirichlet-{L}aplace priors for optimal shrinkage},
   JOURNAL = {J. Amer. Statist. Assoc.},
  FJOURNAL = {Journal of the American Statistical Association},
    VOLUME = {110},
      YEAR = {2015},
    NUMBER = {512},
     PAGES = {1479--1490},
      ISSN = {0162-1459},
   MRCLASS = {62F15 (62J07 62P10)},
  MRNUMBER = {3449048},
       DOI = {10.1080/01621459.2014.960967},
       URL = {https://doi.org/10.1080/01621459.2014.960967}
}

@article{bhattacharya2016,
  title={Fast sampling with {G}aussian scale mixture priors in high-dimensional regression},
  author={Bhattacharya, Anirban and Chakraborty, Antik and Mallick, Bani K},
  journal={Biometrika},
  pages={asw042},
  year={2016},
  publisher={Oxford University Press}
}

@article{bai2018,
  title={On the beta prime prior for Scale Parameters in High-Dimensional Bayesian Regression models},
  author={Bai, Ray and Ghosh, Malay},
  journal={arXiv preprint arXiv:1807.06539},
  year={2018}
}

@article{boss2021,
	title={Group Inverse-Gamma Gamma Shrinkage for Sparse Regression with Block-Correlated Predictors},
	author={Boss, Jonathan and Datta, Jyotishka and Wang, Xin and Park, Sung Kyun and Kang, Jian and Mukherjee, Bhramar},
	journal={arXiv preprint arXiv:2102.10670},
	year={2021}
}

@article{brown2010,
  title={Inference with normal-gamma prior distributions in regression problems},
  author={Brown, Philip J and Griffin, Jim E},
  journal={Bayesian analysis},
  volume={5},
  number={1},
  pages={171--188},
  year={2010},
  publisher={International Society for Bayesian Analysis}
}

@inproceedings{caron2008,
  title={Sparse Bayesian nonparametric regression},
  author={Caron, Fran{\c{c}}ois and Doucet, Arnaud},
  booktitle={Proceedings of the 25th international conference on Machine learning},
  pages={88--95},
  year={2008}
}

@inproceedings{carvalho2009,
	title={Handling sparsity via the horseshoe},
	author={Carvalho, Carlos M and Polson, Nicholas G and Scott, James G},
	booktitle={Artificial Intelligence and Statistics},
	pages={73--80},
	year={2009},
	organization={PMLR}
}

@article{carvalho2010,
	title={The horseshoe estimator for sparse signals},
	author={Carvalho, Carlos M and Polson, Nicholas G and Scott, James G},
	journal={Biometrika},
	volume={97},
	number={2},
	pages={465--480},
	year={2010},
	publisher={Oxford University Press}
}

@article{hoerl1970,
	title={Ridge regression: Biased estimation for nonorthogonal problems},
	author={Hoerl, Arthur E and Kennard, Robert W},
	journal={Technometrics},
	volume={12},
	number={1},
	pages={55--67},
	year={1970},
	publisher={Taylor \& Francis Group}
}

@article{makalic2015,
	title={A simple sampler for the horseshoe estimator},
	author={Makalic, Enes and Schmidt, Daniel F},
	journal={IEEE Signal Processing Letters},
	volume={23},
	number={1},
	pages={179--182},
	year={2015},
	publisher={IEEE}
}

@article{karabatsos2018,
	author = {George Karabatsos},
	title = {Marginal maximum likelihood estimation methods for the tuning parameters of ridge, power ridge, and generalized ridge regression},
	journal = {Communications in Statistics - Simulation and Computation},
	volume = {47},
	number = {6},
	pages = {1632-1651},
	year  = {2018},
	publisher = {Taylor & Francis},
	doi = {10.1080/03610918.2017.1321119}
}

@article{rue2001,
  title={Fast sampling of {G}aussian Markov random fields},
  author={Rue, H{\aa}vard},
  journal={Journal of the Royal Statistical Society: Series B (Statistical Methodology)},
  volume={63},
  number={2},
  pages={325--338},
  year={2001},
  publisher={Wiley Online Library}
}

@inproceedings{schmidt2020,
	title={Bayesian Generalized Horseshoe Estimation of Generalized Linear Models},
	author={Schmidt, Daniel F and Makalic, Enes},
	booktitle={Joint European Conference on Machine Learning and Knowledge Discovery in Databases},
	pages={598--613},
	year={2019},
	organization={Springer}
}

@article{zhang2016,
     TITLE = {High Dimensional Linear Regression via the {R2-D2} Shrinkage Prior},
    AUTHOR = {Yan Zhang and Brian J. Reich and Howard D. Bondell},
   JOURNAL = {},
      YEAR = {2016},
    eprint = {1609.00046},
    archivePrefix = {arXiv},
    primaryClass = {stat.ME}
}
